<record><leader>00000cas a2200000 a 4500</leader><controlfield tag="001">34406971</controlfield><controlfield tag="008">960319d19951997idumr ne      0   a0eng c</controlfield><datafield ind1=" " ind2=" " tag="010"><subfield code="a">sn 96005225 </subfield></datafield><datafield ind1=" " ind2=" " tag="040"><subfield code="a">NSD</subfield><subfield code="b">eng</subfield><subfield code="c">NSD</subfield><subfield code="d">CVF</subfield><subfield code="d">OCLCQ</subfield><subfield code="d">OCLCF</subfield><subfield code="d">OCLCO</subfield><subfield code="d">OCLCA</subfield><subfield code="d">OCLCQ</subfield></datafield><datafield ind1=" " ind2=" " tag="012"><subfield code="l">1</subfield></datafield><datafield ind1="0" ind2=" " tag="022"><subfield code="a">1087-7592</subfield><subfield code="l">1087-7592</subfield><subfield code="2">1</subfield></datafield><datafield ind1=" " ind2=" " tag="042"><subfield code="a">nsdp</subfield><subfield code="a">pcc</subfield></datafield><datafield ind1=" " ind2=" " tag="043"><subfield code="a">n-us-id</subfield></datafield><datafield ind1="1" ind2="0" tag="082"><subfield code="a">305</subfield><subfield code="2">12</subfield></datafield><datafield ind1="0" ind2=" " tag="210"><subfield code="a">Tots tatoken</subfield></datafield><datafield ind1=" " ind2="0" tag="222"><subfield code="a">Tots tatoken</subfield></datafield><datafield ind1="0" ind2="0" tag="245"><subfield code="a">Tots tatoken.</subfield></datafield><datafield ind1=" " ind2=" " tag="260"><subfield code="a">Lapwai, ID :</subfield><subfield code="b">Nez Perce Tribe</subfield></datafield><datafield ind1=" " ind2=" " tag="300"><subfield code="a">2 volumes</subfield></datafield><datafield ind1=" " ind2=" " tag="310"><subfield code="a">Monthly</subfield></datafield><datafield ind1=" " ind2=" " tag="336"><subfield code="a">text</subfield><subfield code="b">txt</subfield><subfield code="2">rdacontent</subfield></datafield><datafield ind1=" " ind2=" " tag="337"><subfield code="a">unmediated</subfield><subfield code="b">n</subfield><subfield code="2">rdamedia</subfield></datafield><datafield ind1=" " ind2=" " tag="338"><subfield code="a">volume</subfield><subfield code="b">nc</subfield><subfield code="2">rdacarrier</subfield></datafield><datafield ind1="1" ind2=" " tag="362"><subfield code="a">Began with vol. 1, issue 3 (July 1995); ceased with vol. 3, issue 12 (Dec. 1997).</subfield></datafield><datafield ind1=" " ind2=" " tag="588"><subfield code="a">Description based on: Vol. 1, issue 7 (Nov. 1995).</subfield></datafield><datafield ind1="2" ind2="0" tag="610"><subfield code="a">Nez Perce Tribe</subfield><subfield code="v">Newspapers.</subfield></datafield><datafield ind1=" " ind2="0" tag="650"><subfield code="a">Nez Perce&#769; Indians</subfield><subfield code="v">Newspapers.</subfield></datafield><datafield ind1=" " ind2="0" tag="650"><subfield code="a">Indians of North America</subfield><subfield code="z">Idaho</subfield><subfield code="v">Newspapers.</subfield></datafield><datafield ind1=" " ind2="0" tag="651"><subfield code="a">Lapwai (Idaho)</subfield><subfield code="v">Newspapers.</subfield></datafield><datafield ind1=" " ind2="0" tag="651"><subfield code="a">Nez Perce&#769; Indian Reservation (Idaho)</subfield><subfield code="v">Newspapers.</subfield></datafield><datafield ind1="2" ind2="7" tag="610"><subfield code="a">Nez Perce Tribe of Idaho.</subfield><subfield code="2">fast</subfield><subfield code="0">(OCoLC)fst01713297</subfield></datafield><datafield ind1=" " ind2="7" tag="650"><subfield code="a">Indians of North America.</subfield><subfield code="2">fast</subfield><subfield code="0">(OCoLC)fst00969633</subfield></datafield><datafield ind1=" " ind2="7" tag="650"><subfield code="a">Nez Perce&#769; Indians.</subfield><subfield code="2">fast</subfield><subfield code="0">(OCoLC)fst01037222</subfield></datafield><datafield ind1=" " ind2="7" tag="651"><subfield code="a">Idaho.</subfield><subfield code="2">fast</subfield><subfield code="0">(OCoLC)fst01211709</subfield></datafield><datafield ind1=" " ind2="7" tag="651"><subfield code="a">Idaho</subfield><subfield code="z">Lapwai.</subfield><subfield code="2">fast</subfield><subfield code="0">(OCoLC)fst01267649</subfield></datafield><datafield ind1=" " ind2="7" tag="651"><subfield code="a">Idaho</subfield><subfield code="z">Nez Perce&#769; Indian Reservation.</subfield><subfield code="2">fast</subfield><subfield code="0">(OCoLC)fst01273398</subfield></datafield><datafield ind1=" " ind2="7" tag="655"><subfield code="a">Newspapers.</subfield><subfield code="2">fast</subfield><subfield code="0">(OCoLC)fst01423814</subfield></datafield><datafield ind1="1" ind2=" " tag="710"><subfield code="a">Nez Perce Tribe of Idaho.</subfield></datafield><datafield ind1=" " ind2=" " tag="752"><subfield code="a">United States</subfield><subfield code="b">Idaho</subfield><subfield code="c">Nez Perce</subfield><subfield code="d">Lapwai.</subfield></datafield><datafield ind1="0" ind2="0" tag="780"><subfield code="t">Tribunal (Lapwai, Idaho)</subfield><subfield code="w">(OCoLC)949947876</subfield></datafield><datafield ind1="0" ind2="0" tag="785"><subfield code="t">Ta'c tito'oqan</subfield><subfield code="w">(OCoLC)40140670</subfield></datafield><datafield ind1="1" ind2=" " tag="029"><subfield code="a">AU@</subfield><subfield code="b">000012365020</subfield></datafield></record>